<record><leader>00000cas a22000007a 4500</leader><controlfield tag="001">18382074</controlfield><controlfield tag="008">880822d192u19uukyuwr ne      0    0eng d</controlfield><datafield ind1=" " ind2=" " tag="010"><subfield code="a">sn 88061201 </subfield></datafield><datafield ind1=" " ind2=" " tag="040"><subfield code="a">KNP</subfield><subfield code="b">eng</subfield><subfield code="c">KNP</subfield><subfield code="d">OCLCQ</subfield></datafield><datafield ind1=" " ind2=" " tag="042"><subfield code="a">msc</subfield></datafield><datafield ind1="0" ind2="4" tag="245"><subfield code="a">The Burksville news.</subfield></datafield><datafield ind1="3" ind2="0" tag="246"><subfield code="a">Burkesville news</subfield></datafield><datafield ind1=" " ind2=" " tag="260"><subfield code="a">Burksville [Ky.] :</subfield><subfield code="b">Harry G. Knipp</subfield></datafield><datafield ind1=" " ind2=" " tag="300"><subfield code="a">v. :</subfield><subfield code="b">ill.</subfield></datafield><datafield ind1=" " ind2=" " tag="310"><subfield code="a">Weekly</subfield></datafield><datafield ind1=" " ind2=" " tag="588"><subfield code="a">Description based on: Vol. 1, no. 5 (Jan. 5, 1921).</subfield></datafield><datafield ind1=" " ind2=" " tag="752"><subfield code="a">United States</subfield><subfield code="b">Kentucky</subfield><subfield code="c">Cumberland</subfield><subfield code="d">Burkesville.</subfield></datafield></record>